@article{
    debruijn_1946, 
    title={A Combinatorial Problem}, 
    pages={758-764}, 
    journal={Koninklijke Nederlandse Akademie van Wetenschappen te Amsterdam}, 
    author={N. G. de Bruijn}, 
    year={1946}
}

@article{
    peng_ji_zhao_2016, 
    title={A novel codon-based de Bruijn graph algorithm for gene construction from unassembled transcriptomes}, 
    volume={17}, 
    DOI={10.1186/s13059-016-1094-x}, 
    number={1}, 
    journal={Genome Biology}, 
    author={Peng, Gongxin and Ji, Peifeng and Zhao, Fangqing}, 
    year={2016}
}